@article{Tsoumakas2007,
  author = {Tsoumakas, G. and Katakis, I.},
  journal = {International Journal of Data Warehousing and Mining},
  number = {3},
  pages = {1--13},
  title = {{Multi-Label Classification: An Overview}},
  volume = {3},
  year = {2007}
}

@article{Madjarov2012,
  author = {Madjarov, G. and Kocev, D. and Gjorgjevikj, D. and Dzeroski, S.},
  doi = {10.1016/j.patcog.2012.03.004},
  journal = {Pattern Recognition},
  keywords = {Comparison of multi-label learning methods,Multi-label classification,Multi-label ranking},
  number = {9},
  pages = {3084--3104},
  title = {{An extensive experimental comparison of methods for multi-label learning}},
  volume = {45},
  year = {2012}
}

@article{Read2011,
  title={Classifier chains for multi-label classification},
  author={Read, J. and Pfahringer, B. and Holmes, G. and Frank, E.},
  journal={Machine Learning},
  volume={85},
  number={3},
  pages={333--359},
  year={2011},
  publisher={Springer}
}

@article{Zhang2007,
  author = {Zhang, M. and Zhou, Z.},
  journal = {Pattern Recognition},
  keywords = {functional genomics,k-nearest neighbor,lazy learning,machine learning,multi-label learning,natural scene classification,text categorization},
  number = {7},
  pages = {2038--2048},
  title = {{ML-KNN: A lazy learning approach to multi-label learning}},
  volume = {40},
  year = {2007}
}

@inproceedings{Trohidis2008,
  author = {Trohidis, K. and Tsoumakas, G. and Kalliris, G. and Vlahavas, I.},
  booktitle = {ISMIR 2008: Proceedings of the 9th International Conference of Music Information Retrieval},
  pages = {325--330},
  title = {{Multi-label classification of music into emotions}},
  year = {2008}
}

@inproceedings{Huang2004,
  title={Extreme learning machine: a new learning scheme of feedforward neural networks},
  author={Huang, G. and Zhu, Q. and Siew, C.},
  booktitle={Neural Networks, 2004. Proceedings. 2004 IEEE International Joint Conference on},
  volume={2},
  pages={985--990},
  year={2004},
  organization={IEEE}
}

@article{Rokach2010,
  title={Ensemble-based classifiers},
  author={Rokach, L.},
  journal={Artificial Intelligence Review},
  volume={33},
  number={1-2},
  pages={1--39},
  year={2010},
  publisher={Springer}
}
